<record><leader>00000cas a2200000 a 4500</leader><controlfield tag="001">10520456</controlfield><controlfield tag="008">840314d18921942nbudr ne      0    0eng  </controlfield><datafield ind1=" " ind2=" " tag="010"><subfield code="a">sn 84020258 </subfield><subfield code="z">sn 84020256 </subfield><subfield code="z">sn 84020255 </subfield></datafield><datafield ind1=" " ind2=" " tag="040"><subfield code="a">DLC</subfield><subfield code="b">eng</subfield><subfield code="c">DLC</subfield><subfield code="d">NPT</subfield><subfield code="d">DLC</subfield><subfield code="d">OCL</subfield><subfield code="d">NVG</subfield><subfield code="d">CNK</subfield><subfield code="d">NVF</subfield><subfield code="d">OCLCQ</subfield></datafield><datafield ind1=" " ind2=" " tag="019"><subfield code="a">10519242</subfield><subfield code="a">10519294</subfield></datafield><datafield ind1=" " ind2=" " tag="042"><subfield code="a">pcc</subfield></datafield><datafield ind1="0" ind2="0" tag="050"><subfield code="a">Newspaper</subfield></datafield><datafield ind1="0" ind2="0" tag="245"><subfield code="a">Nebraska state journal.</subfield></datafield><datafield ind1="1" ind2=" " tag="246"><subfield code="i">Published on Sunday as:</subfield><subfield code="a">Sunday state journal</subfield><subfield code="f">Dec. 11, 1892-Oct. 25, 1931</subfield></datafield><datafield ind1="1" ind2=" " tag="246"><subfield code="i">Published on Sunday as:</subfield><subfield code="a">Sunday state journal and Lincoln Sunday star</subfield><subfield code="f">Nov. 1, 1931-Jan. 3, 1932</subfield></datafield><datafield ind1="1" ind2=" " tag="246"><subfield code="i">Published on Sunday as:</subfield><subfield code="a">Sunday journal and star</subfield><subfield code="f">Jan. 10, 1932-Dec. 6, 1942</subfield></datafield><datafield ind1=" " ind2=" " tag="260"><subfield code="a">Lincoln [Neb. :</subfield><subfield code="b">State Journal Co.],</subfield><subfield code="c">1892-1942.</subfield></datafield><datafield ind1=" " ind2=" " tag="300"><subfield code="a">v.</subfield></datafield><datafield ind1=" " ind2=" " tag="310"><subfield code="a">Daily</subfield></datafield><datafield ind1="0" ind2=" " tag="362"><subfield code="a">23rd year, no. 106 (Dec. 5, 1892)-Dec. 9, 1942.</subfield></datafield><datafield ind1=" " ind2=" " tag="515"><subfield code="a">Issue numbering dropped with 26th year, Aug. 29, 1895; vol. numbering dropped with Apr. 12, 1917.</subfield></datafield><datafield ind1=" " ind2=" " tag="580"><subfield code="a">Weekly eds.: Weekly state journal (Lincoln, Neb.), 1903-&lt;1904&gt;, and: Weekly state journal (Lincoln, Neb. : 1919), &lt;1919-1921&gt;.</subfield></datafield><datafield ind1=" " ind2=" " tag="752"><subfield code="a">United States</subfield><subfield code="b">Nebraska</subfield><subfield code="c">Lancaster</subfield><subfield code="d">Lincoln.</subfield></datafield><datafield ind1="0" ind2=" " tag="775"><subfield code="t">Semi-weekly state journal (Lincoln, Neb.)</subfield></datafield><datafield ind1="1" ind2=" " tag="775"><subfield code="t">Weekly state journal (Lincoln, Neb.)</subfield><subfield code="w">(DLC)sn 86063430</subfield></datafield><datafield ind1="1" ind2=" " tag="775"><subfield code="t">Weekly state journal (Lincoln, Neb. : 1919)</subfield><subfield code="w">(DLC)sn 98063261</subfield></datafield><datafield ind1="0" ind2=" " tag="775"><subfield code="t">Lincoln daily evening news</subfield></datafield><datafield ind1="0" ind2=" " tag="775"><subfield code="t">Lincoln evening news (Lincoln, Neb. : 1909)</subfield></datafield><datafield ind1="0" ind2=" " tag="775"><subfield code="t">Lincoln daily news (Lincoln, Neb. : 1912)</subfield></datafield><datafield ind1="0" ind2=" " tag="775"><subfield code="t">Lincoln daily news (the evening state journal)</subfield></datafield><datafield ind1="0" ind2=" " tag="775"><subfield code="t">(Evening state journal) Lincoln daily news</subfield></datafield><datafield ind1="0" ind2=" " tag="775"><subfield code="t">Evening state journal</subfield></datafield><datafield ind1="0" ind2=" " tag="775"><subfield code="t">Evening state journal (and Lincoln daily news)</subfield></datafield><datafield ind1="0" ind2=" " tag="775"><subfield code="t">Evening state journal (Lincoln, Neb. : 1929)</subfield></datafield><datafield ind1="0" ind2="0" tag="780"><subfield code="t">Daily Nebraska state journal</subfield><subfield code="w">(DLC)sn 84020257</subfield></datafield><datafield ind1="0" ind2="5" tag="780"><subfield code="t">Courier (Lincoln, Neb.)</subfield></datafield><datafield ind1="0" ind2="0" tag="785"><subfield code="t">Lincoln Nebraska state journal</subfield><subfield code="w">(DLC)sn 84020259</subfield></datafield><datafield ind1="1" ind2=" " tag="029"><subfield code="a">AU@</subfield><subfield code="b">000026649702</subfield></datafield></record>